<?xml version="1.0" encoding="UTF-8"?><record xmlns="http://www.loc.gov/MARC21/slim" xmlns:cinclude="http://apache.org/cocoon/include/1.0" xmlns:zs="http://www.loc.gov/zing/srw/">
  <leader>00504nz  a2200133n  4500</leader>
  <controlfield tag="001">no2009180804</controlfield>
  <controlfield tag="003">DLC</controlfield>
  <controlfield tag="005">20091112075349.0</controlfield>
  <controlfield tag="008">091110n| acannaabn          |n aaa     c</controlfield>
  <datafield tag="010" ind1=" " ind2=" ">
    <subfield code="a">no2009180804</subfield>
  </datafield>
  <datafield tag="035" ind1=" " ind2=" ">
    <subfield code="a">(OCoLC)oca08301852</subfield>
  </datafield>
  <datafield tag="040" ind1=" " ind2=" ">
    <subfield code="a">IlMchBWI</subfield>
    <subfield code="b">eng</subfield>
    <subfield code="c">IlMchBWI</subfield>
  </datafield>
  <datafield tag="100" ind1="1" ind2=" ">
    <subfield code="a">Higgins, Dusty</subfield>
  </datafield>
  <datafield tag="670" ind1=" " ind2=" ">
    <subfield code="a">Jensen, Van. Pinocchio, vampire slayer, 2009:</subfield>
    <subfield code="b">t.p. (created and drawn by Dusty Higgins) "about" page (award-winning illustrator and graphic artist at The Arkansas Democrat-Gazeette in Little Rock, Ark.)</subfield>
  </datafield>
</record>